% This file was created with JabRef 2.10.
% Encoding: UTF-8


@Misc{rand-index,
  Title                    = {evaluation of clustering},

  Author                   = {Cambridge university press},
  HowPublished             = {stanford nlp website},
  Month                    = {April},
  Year                     = {2009},

  Owner                    = {arnav},
  Timestamp                = {2018.02.25},
  Url                      = {https://nlp.stanford.edu/IR-book/html/htmledition/evaluation-of-clustering-1.html}
}

@Misc{glass,
  Title                    = {{UCI} Machine Learning Repository},

  Author                   = {M. Lichman},
  Year                     = {2013},

  Institution              = {University of California, Irvine, School of Information and Computer Sciences},
  Url                      = {https://archive.ics.uci.edu/ml/datasets/glass+identification}
}

@Misc{iris,
  Title                    = {{UCI} Machine Learning Repository},

  Author                   = {M. Lichman},
  Year                     = {2013},

  Institution              = {University of California, Irvine, School of Information and Computer Sciences},
  Url                      = {https://archive.ics.uci.edu/ml/datasets/iris}
}

@Misc{wine,
  Title                    = {{UCI} Machine Learning Repository},

  Author                   = {M. Lichman},
  Year                     = {2013},

  Institution              = {University of California, Irvine, School of Information and Computer Sciences},
  Url                      = {https://archive.ics.uci.edu/ml/datasets/Wine}
}

