% This file was created with JabRef 2.10.
% Encoding: UTF-8


@Misc{wiki-tf,
  Title                    = {Tfâ€“idf --- Wikipedia{,} The Free Encyclopedia},

  Author                   = {Wikipedia contributors},
  Note                     = {[Online; accessed 4-February-2018]},
  Year                     = {2017},

  Url                      = {https://en.wikipedia.org/w/index.php?title=Tf%E2%80%93idf&oldid=817678048}
}

@Misc{q1-ref,
  Title                    = {p-value.info},

  Author                   = {Carl Anderson},
  HowPublished             = {website},

  Owner                    = {arnav},
  Timestamp                = {2018.02.04},
  Url                      = {http://www.p-value.info/2013/02/when-tfidf-and-cosine-similarity-fail.html}
}

